@inproceedings{reference1,
  author="A.Haritatos and G.Goumas and N.Anastopoulos and K.Nikas and K.Kourtis and N.Koziris",
  title="LCA: a memory link and cache-aware co-scheduling approach for CMPs",
  booktitle="Proceedings of the 23rd international conference on Parallel architectures and compilation",
  year=2010,
  pages="469-470",
  publisher="ACM"
}

@article{reference2,
  author="S.Blagodurov and S.Zhuravlev and A.Fedorova",
  title="Contention-Aware Scheduling on Multicore Systems",
  journal="ACM Transactions on Computer Systems (TOCS)",
  year=2010
}

@inproceedings{reference3,
  author="Xiao Zhang and Sandhya Dwarkadas and Kai Shen",
  title="Towards practical page coloring-based multicore cache management",
  booktitle="Proceedings of the 4th ACM European conference on Computer systems",
  year=2009,
  pages="89-102",
  publisher="ACM"
}

@inproceedings{reference4,
  author="Moinuddin K. Qureshi and Yale N. Patt",
  title="Utility-Based Cache Partitioning: A Low-Overhead, High-Performance, Runtime Mechanism to Partition Shared Caches",
  booktitle="Proceedings of the 39th Annual IEEE/ACM International Symposium on Microarchitecture",
  year=2006,
  pages="423-432",
  publisher="IEEE"
}

@article{reference5,
  author="Wm. A. Wulf and Sally A and McKee",
  title="Hitting the memory wall: implications of the obvious",
  journal="ACM SIGARCH Computer Architecture News",
  year=1995,
  volume=23,
  publisher="ACM"
}

@inproceedings{reference6,
  author="E. Ebrahimi and O. Mutlu and Y. N. Patt",
  title="Techniques for bandwidth-efficient prefetching of linked data structures in hybrid prefetching systems",
  booktitle="IEEE 15th International Symposium on High Performance Computer Architecture",
  year=2009,
  pages="7-17",
  publisher="IEEE"
}

@misc{reference7,
  title="Stream Benchmark",
  howpublished="https://www.nersc.gov/users/computational-systems/cori/nersc-8-procurement/trinity-nersc-8-rfp/nersc-8-trinity-benchmarks/stream"
}

@misc{reference8,
  title="The Polyhedral Benchmark suite",
  howpublished="http://web.cse.ohio-state.edu/~pouchet/software/polybench"
}

@misc{reference9,
  title="Intel Performance Counter Monitor - A better way to measure CPU utilization",
  howpublished="http://software.intel.com/en-us/articles/intel-performance-counter-monitor"
}

@misc{reference10,
  title="Cpusets: Processor and Memory Placement for Linux 2.6 kernel based systems",
  howpublished="http://oss.sgi.com/projects/cpusets/"
}

@misc{reference11,
  title="The freezer subsystem",
  howpublished="https://www.kernel.org/doc/Documentation/cgroups/freezer-subsystem.txt"
}

@inproceedings{reference12,
  author="Kishore Kumar Pusukuri and David Vengerov and Alexandra Fedorova and Vana Kalogeraki",
  title="FACT: a framework for adaptive contention-aware thread migrations",
  booktitle="Proceedings of the 8th ACM International Conference on Computing Frontiers",
  year=2011,
  publisher="ACM"
}

@inproceedings{reference13,
  author="Major Bhadauria and Sally A. McKee",
  title="An approach to resource-aware co-scheduling for CMPs",
  booktitle="Proceedings of the 24th ACM International Conference on Supercomputing, ICS '10",
  pages="188-199",
  year=2010,
  publisher="ACM"
}

@inproceedings{reference14,
  author="Andreas Merkel and Jan Stoess and Frank Bellosa",
  title="Resource-conscious scheduling for energy efficiency on multicore processors",
  booktitle="Proceedings of the 5th European conference on Computer systems, EuroSys '10",
  pages="153-166",
  year=2010,
  publisher="ACM"
}

@inproceedings{reference15,
  author="Yuejian Xie and Gabriel Loh",
  title="Dynamic classification of program memory behaviors in CMPs",
  booktitle="Proceedings of the 2nd Workshop on Chip Multiprocessor Memory Systems and Interconnects",
  year=2008
}

@inproceedings{reference16,
  author="Jiang Lin and Qingda Lu and Xiaoning Ding and Zhao Zhang and Xiaodong Zhang and P. Sadayappan",
  title="Gaining insights into multicore cache partitioning: Bridging the gap between simulation and real systems",
  booktitle="International Symposium on High Performance Computer Architecture",
  pages="367â€“378",
  year=2008
}

@article{reference17,
  author="Chandandeep Singh Pabla",
  title="Completely fair scheduler",
  journal="Linux Journal",
  year=2010,
  volume=2009
}

@inproceedings{reference18,
  author="G. E. Moore",
  title="Cramming More Components onto Integrated Circuits",
  booktitle="Proceedings of the IEEE",
  volume=86,
  pages="82-85",
  year=1998
}


@article{reference19,
  author="Allan Snavely and Dean M. Tullsen",
  title="Symbiotic jobscheduling for a simultaneous mutlithreading processor",
  journal="ACM SIGPLAN Notices",
  volume=35,
  pages="234-244",
  year=2000
}

@inproceedings{reference20,
  author="Alexandra Fedorova and Margo Seltzer and Michael D. Smith",
  title="Improving Performance Isolation on Chip Multiprocessors via an Operating System Scheduler",
  booktitle="PACT '07 Proceedings of the 16th International Conference on Parallel Architecture and Compilation Techniques",
  pages="25-38",
  year=2007
}